@Book{florencio,
  author = 	 {Nelson Florêncio Junior e Frederico Gadelha Guimarães},
  title = 	 {Problema 8-Puzzle: Análise da solução usando Backtracking e Algoritmos Genéticos},
}